<?xml version="1.0" encoding="UTF-8"?><record xmlns="http://www.loc.gov/MARC21/slim" xmlns:cinclude="http://apache.org/cocoon/include/1.0" xmlns:zs="http://www.loc.gov/zing/srw/">
  <leader>00468nz  a2200145n  4500</leader>
  <controlfield tag="001">n 2010054017</controlfield>
  <controlfield tag="003">DLC</controlfield>
  <controlfield tag="005">20100819075033.0</controlfield>
  <controlfield tag="008">100818n| acannaabn          |b aaa      </controlfield>
  <datafield tag="010" ind1=" " ind2=" ">
    <subfield code="a">n 2010054017</subfield>
  </datafield>
  <datafield tag="040" ind1=" " ind2=" ">
    <subfield code="a">DLC</subfield>
    <subfield code="b">eng</subfield>
    <subfield code="c">DLC</subfield>
  </datafield>
  <datafield tag="100" ind1="1" ind2=" ">
    <subfield code="a">Chŏng, Sŏng-mi</subfield>
  </datafield>
  <datafield tag="400" ind1="1" ind2=" ">
    <subfield code="a">정 성미</subfield>
  </datafield>
  <datafield tag="667" ind1=" " ind2=" ">
    <subfield code="a">Non-Latin script reference not evaluated</subfield>
  </datafield>
  <datafield tag="670" ind1=" " ind2=" ">
    <subfield code="a">Chŏng, Sŏng-mi. Simmani, Hanjijang, kwangbu, 2009:</subfield>
    <subfield code="b">t.p. (정 성미 = Chŏng Sŏng-mi) colophon (prof., Kangwŏndae)</subfield>
  </datafield>
</record>